<record><leader>00000cas a22000007a 4500</leader><controlfield tag="001">13352557</controlfield><controlfield tag="008">860327d193u1951aluwr ne      0    0eng d</controlfield><datafield ind1=" " ind2=" " tag="010"><subfield code="a">sn 86050121 </subfield></datafield><datafield ind1=" " ind2=" " tag="040"><subfield code="a">AAR</subfield><subfield code="b">eng</subfield><subfield code="c">AAR</subfield><subfield code="d">CPN</subfield><subfield code="d">OCLCQ</subfield></datafield><datafield ind1=" " ind2=" " tag="042"><subfield code="a">msc</subfield></datafield><datafield ind1="0" ind2="4" tag="245"><subfield code="a">The DeKalb times.</subfield></datafield><datafield ind1=" " ind2=" " tag="260"><subfield code="a">Fort Payne, Ala. :</subfield><subfield code="b">[s.n.]</subfield></datafield><datafield ind1=" " ind2=" " tag="300"><subfield code="a">v. ;</subfield><subfield code="c">54 cm.</subfield></datafield><datafield ind1=" " ind2=" " tag="310"><subfield code="a">Weekly</subfield></datafield><datafield ind1="0" ind2=" " tag="362"><subfield code="a">-20th yr., no. 44 (Apr. 25, 1951).</subfield></datafield><datafield ind1=" " ind2=" " tag="515"><subfield code="a">Numbering is irregular.</subfield></datafield><datafield ind1=" " ind2=" " tag="588"><subfield code="a">Description based on: Vol. 1, no. 34 (Feb. 18, 1932).</subfield></datafield><datafield ind1=" " ind2=" " tag="752"><subfield code="a">United States</subfield><subfield code="b">Alabama</subfield><subfield code="c">DeKalb</subfield><subfield code="d">Fort Payne.</subfield></datafield><datafield ind1="0" ind2="7" tag="785"><subfield code="t">Collinsville new era</subfield><subfield code="w">(DLC)sn 86050122</subfield></datafield><datafield ind1="0" ind2="7" tag="785"><subfield code="t">Times-new era</subfield><subfield code="w">(DLC)sn 86050123</subfield></datafield><datafield ind1="1" ind2=" " tag="029"><subfield code="a">AU@</subfield><subfield code="b">000025838686</subfield></datafield></record>